%	This is written by Zhiyang Ong.
%	This is a BibTeX database for BibTeX references/records.

%	The MIT License (MIT)

%	Copyright (c) <2014> <Zhiyang Ong>

%	Permission is hereby granted, free of charge, to any person obtaining a copy of this software and associated documentation files (the "Software"), to deal in the Software without restriction, including without limitation the rights to use, copy, modify, merge, publish, distribute, sublicense, and/or sell copies of the Software, and to permit persons to whom the Software is furnished to do so, subject to the following conditions:

%	The above copyright notice and this permission notice shall be included in all copies or substantial portions of the Software.

%	THE SOFTWARE IS PROVIDED "AS IS", WITHOUT WARRANTY OF ANY KIND, EXPRESS OR IMPLIED, INCLUDING BUT NOT LIMITED TO THE WARRANTIES OF MERCHANTABILITY, FITNESS FOR A PARTICULAR PURPOSE AND NONINFRINGEMENT. IN NO EVENT SHALL THE AUTHORS OR COPYRIGHT HOLDERS BE LIABLE FOR ANY CLAIM, DAMAGES OR OTHER LIABILITY, WHETHER IN AN ACTION OF CONTRACT, TORT OR OTHERWISE, ARISING FROM, OUT OF OR IN CONNECTION WITH THE SOFTWARE OR THE USE OR OTHER DEALINGS IN THE SOFTWARE.

%	Email address: echo "cukj -wb- 23wU4X5M589 TROJANS cqkH wiuz2y 0f Mw Stanford" | awk '{ sub("23wU4X5M589","F.d_c_b. ") sub("Stanford","d0mA1n"); print $5, $2, $8; for (i=1; i<=1; i++) print "6\b"; print $9, $7, $6 }' | sed y/kqcbuHwM62z/gnotrzadqmC/ | tr 'q' ' ' | tr -d [:cntrl:] | tr -d 'ir' | tr y "\n"

%%%%%%%%%%%%%%%%%%%%%%%%%%%%%%%%%%%%%%%%%%%%%%%%%%%%%%%%%%%%%%%%%%%%



%%%%%%%%%%%%%%%%%%%%%%%%%%%%%%%%%%%%%%%%%%%%%%%%%%%%%%%%%%%%%%%%%%%%
%	References included in my BibTeX database.

@book{Tandon2017,
	Address = {San Rafael, {CA}},
	Author = {Prateek Tandon and Stanley Lam and Ben Shih and Tanay Mehta and Alex Mitev and Zhiyang Ong},
	Doi = {http://dx.doi.org/10.2200/S00746ED1V01Y201612QMC010},
	Month = {January},
	Publisher = {Morgan {\rm \&}\ Claypool Publishers},
	Series = {Synthesis Lectures on Quantum Computing},
	Title = {Quantum Robotics: A Primer on Current Science and Future Perspectives},
	Volume = {10},
	Year = {2017}}

@book{Anjos2012,
	Address = {New York, {NY}},
	Author = {Anjos, Miguel F. and Lasserre, Jean B.},
	Doi = {http://dx.doi.org/10.1007/978-1-4614-0769-0},
	Publisher = {Springer Science+Business Media, {LCC}},
	Series = {International Series in Operations Research {\rm \&}\ Management Science},
	Title = {Handbook on Semidefinite, Conic and Polynomial Optimization},
	Url = {http://dx.doi.org/10.1007/978-1-4614-0769-0},
	Volume = {166},
	Year = {2012}}

@article{Boros2007,
	Address = {New York, {NY}},
	Author = {Endre Boros and Peter L. Hammer and Gabriel Tavares},
	Doi = {http://dx.doi.org/10.1007/s10732-007-9009-3},
	Journal = {Journal of Heuristics},
	Month = {January},
	Number = {2},
	Pages = {99--132},
	Publisher = {Springer Science+Business Media, {LCC}},
	Title = {Local search heuristics for Quadratic Unconstrained Binary Optimization ({QUBO})},
	Volume = {13},
	Year = {2007}}

@book{HammerIvanescu1968,
	Address = {New York, {NY}},
	Author = {Peter L. {Hammer (Iv{\v{a}}nescu)} and Sergiu Rudeanu},
	Doi = {http://dx.doi.org/10.1007/978-3-642-85823-9},
	Publisher = {Springer-Verlag New York},
	Series = {{\"{O}}konometrie und Unternehmensforschung / Econometrics and Operations Research},
	Title = {Boolean Methods in Operations Research and Related Areas},
	Volume = {7},
	Year = {1968}}








%%%%%%%%%%%%%%%%%%%%%%%%%%%%%%%%%%%%%%%%%%%%%%%%%%%%%%%%%%%%%%%%%%%%
%	References not included in my BibTeX database.


@misc{UniversitiesSpaceResearchAssociationStaff2017,
	Address = {Columbia, {MD}},
	Author = {{Universities Space Research Association staff}},
	Date-Added = {2014-03-30 00:11:00 +0200},
	Date-Modified = {2014-03-30 00:11:00 +0200},
	Howpublished = {Available online from {\it Universities Space Research Association: Quantum Computing at {USRA}} at: \url{http://www.usra.edu/quantum/rfp/}; August 21, 2017 was the last accessed date},
	Keywords = {},
	Month = {},
	Publisher = {Universities Space Research Association},
	School = {},
	Title = {Quantum Computing -- RFP},
	Url = {http://www.usra.edu/quantum/rfp/},
	Year = {2017}}














