@techreport{TheRoyalSociety2004,
	Address = {London, {U.K.}},
	Author = {{The Royal Society}},
	Date-Added = {2012-04-08 11:32:00 +0200},
	Date-Modified = {2015-04-14 14:22:48 +0000},
	Howpublished = {Available online at: \url{http://www.nanotec.org.uk/finalReport.htm}; June 15, 2012 was the last accessed date},
	Institution = {The Royal Society},
	Keywords = {nanoscience, nanotechnology, nanomaterials, nanometrology, electronics, nanoelectronics, optoelectronics, ICT, information & communication technology, biotechnology, nanomedicine, nanomanufacturing, adverse health effects, environmental impact, safety impact, safety issues, social issues, ethical issues, stakeholder & public dialogue, regulatory issues},
	Publisher = {The Royal Society},
	Title = {Nanoscience and Nanotechnologies: Opportunities and Uncertainties},
	Year = {2004},
	Bdsk-File-1 = {YnBsaXN0MDDUAQIDBAUGJCVYJHZlcnNpb25YJG9iamVjdHNZJGFyY2hpdmVyVCR0b3ASAAGGoKgHCBMUFRYaIVUkbnVsbNMJCgsMDxJXTlMua2V5c1pOUy5vYmplY3RzViRjbGFzc6INDoACgAOiEBGABIAFgAdccmVsYXRpdmVQYXRoWWFsaWFzRGF0YV8QZC4uL3JlZmVyZW5jZXMvVGhlIFJveWFsIFNvY2lldHkvTmFub3NjaWVuY2UgYW5kIE5hbm90ZWNobm9sb2dpZXMgT3Bwb3J0dW5pdGllcyBhbmQgVW5jZXJ0YWludGllcy5wZGbSFwsYGVdOUy5kYXRhTxEClgAAAAAClgACAAAMTWFjaW50b3NoIEhEAAAAAAAAAAAAAAAAAAAA0T81ikgrAAAAFONuH05hbm9zY2llbmNlIGFuZCBOYW5vIzE0RTM2Ri5wZGYAAAAAAAAAAAAAAAAAAAAAAAAAAAAAAAAAAAAAAAAAAAAU42/MAhtbAAAAAAAAAAAAAQADAAAJIAAAAAAAAAAAAAAAAAAAABFUaGUgUm95YWwgU29jaWV0eQAAEAAIAADRP3vaAAAAEQAIAADMAmGrAAAAAQAYABTjbgAUzEIAFMvjABA78wAQO24AEDtpAAIAb01hY2ludG9zaCBIRDpVc2VyczoAemhpeWFuZzoARG9jdW1lbnRzOgByaWNlcmNhOgByZWZlcmVuY2VzOgBUaGUgUm95YWwgU29jaWV0eToATmFub3NjaWVuY2UgYW5kIE5hbm8jMTRFMzZGLnBkZgAADgCKAEQATgBhAG4AbwBzAGMAaQBlAG4AYwBlACAAYQBuAGQAIABOAGEAbgBvAHQAZQBjAGgAbgBvAGwAbwBnAGkAZQBzACAATwBwAHAAbwByAHQAdQBuAGkAdABpAGUAcwAgAGEAbgBkACAAVQBuAGMAZQByAHQAYQBpAG4AdABpAGUAcwAuAHAAZABmAA8AGgAMAE0AYQBjAGkAbgB0AG8AcwBoACAASABEABIAgVVzZXJzL3poaXlhbmcvRG9jdW1lbnRzL3JpY2VyY2EvcmVmZXJlbmNlcy9UaGUgUm95YWwgU29jaWV0eS9OYW5vc2NpZW5jZSBhbmQgTmFub3RlY2hub2xvZ2llcyBPcHBvcnR1bml0aWVzIGFuZCBVbmNlcnRhaW50aWVzLnBkZgAAEwABLwAAFQACAA7//wAAgAbSGxwdHlokY2xhc3NuYW1lWCRjbGFzc2VzXU5TTXV0YWJsZURhdGGjHR8gVk5TRGF0YVhOU09iamVjdNIbHCIjXE5TRGljdGlvbmFyeaIiIF8QD05TS2V5ZWRBcmNoaXZlctEmJ1Ryb290gAEACAARABoAIwAtADIANwBAAEYATQBVAGAAZwBqAGwAbgBxAHMAdQB3AIQAjgD1APoBAgOcA54DowOuA7cDxQPJA9AD2QPeA+sD7gQABAMECAAAAAAAAAIBAAAAAAAAACgAAAAAAAAAAAAAAAAAAAQK},
	Bdsk-Url-1 = {http://www.nanotec.org.uk/report/Nano%20report%202004%20fin.pdf}}
